<?xml version="1.0" encoding="UTF-8"?><collection xmlns="http://www.loc.gov/MARC21/slim"><record><leader>00484nam--2200181-i-4500</leader><controlfield tag="001">000012360</controlfield><controlfield tag="002">20161230</controlfield><controlfield tag="005">20161230201029</controlfield><controlfield tag="008">060222s1000------------r-----000-0-eng-d</controlfield><datafield ind1=" " ind2=" " tag="040"><subfield code="a">IFIN-HH</subfield></datafield><datafield ind1=" " ind2=" " tag="080"><subfield code="a">517.518.3(082.1)</subfield></datafield><datafield ind1="1" ind2=" " tag="100"><subfield code="a">Beauchamp, K.G</subfield></datafield><datafield ind1="1" ind2="0" tag="245"><subfield code="a">Walsh functions and their applications</subfield><subfield code="c">K.g. beauchamp</subfield></datafield><datafield ind1=" " ind2=" " tag="260"><subfield code="a">London</subfield><subfield code="b">Academic Press</subfield><subfield code="c">1975</subfield></datafield><datafield ind1=" " ind2=" " tag="300"><subfield code="a">XIII + 236 P</subfield></datafield><datafield ind1=" " ind2=" " tag="490"><subfield code="a">Techniques Of Physics</subfield></datafield><datafield ind1=" " ind2=" " tag="852"><subfield code="a">39258</subfield><subfield code="c">53</subfield></datafield><datafield ind1=" " ind2=" " tag="CAT"><subfield code="a">Sys</subfield><subfield code="c">20150316</subfield><subfield code="h">145332</subfield></datafield></record></collection>